<?xml version="1.0" encoding="UTF-8"?><record xmlns="http://www.loc.gov/MARC21/slim" xmlns:cinclude="http://apache.org/cocoon/include/1.0" xmlns:zs="http://www.loc.gov/zing/srw/">
  <leader>00379nz  a2200133n  4500</leader>
  <controlfield tag="001">no2005052026</controlfield>
  <controlfield tag="003">DLC</controlfield>
  <controlfield tag="005">20050604071010.0</controlfield>
  <controlfield tag="008">050603n| acannaabn          |n aaa     c</controlfield>
  <datafield tag="010" ind1=" " ind2=" ">
    <subfield code="a">no2005052026</subfield>
  </datafield>
  <datafield tag="035" ind1=" " ind2=" ">
    <subfield code="a">(OCoLC)oca06648960</subfield>
  </datafield>
  <datafield tag="040" ind1=" " ind2=" ">
    <subfield code="a">ViNSC</subfield>
    <subfield code="b">eng</subfield>
    <subfield code="c">ViNSC</subfield>
  </datafield>
  <datafield tag="100" ind1="1" ind2=" ">
    <subfield code="a">Kolet, Kristin</subfield>
  </datafield>
  <datafield tag="670" ind1=" " ind2=" ">
    <subfield code="a">Understanding "asymmetric" threats to the United States, 2002:</subfield>
    <subfield code="b">t.p. (Kristin Kolet)</subfield>
  </datafield>
</record>